@Misc{revistaderobots,
  author  = {Revista De Robots},
  title   = {Qué es la robótica y para qué sirve},
  month   = diciembre,
  year    = 2021,
  note    = {revistaderobots.com/robots-y-robotica/que-es-la-robotica/}
}

@Misc{robots-moviles-evolucion-estado-arte,
  title   = {Robots Móviles. Evolución y Estado del Arte},
  author  = {Barrientos Sotelo, Víctor Ricardo; García Sánchez, José Rafael; Silva Ortigoza, Ramón},
  note    = {https://www.redalyc.org/pdf/4026/402640448003.pdf}
}

@Misc{spot-atlas,
  title   = {Conoce a Spot y Atlas, los robots de Boston Dynamics},
  author  = {Agencia NotiPress},
  note    = {https://www.mypress.mx/negocios/conoce-a-spot-y-atlas-los-robots-de-boston-dynamics-6151}
}

@ELECTRONIC{softbank-robotics,
  title   = {SoftBank Robotics},
  note    = {https://www.softbankrobotics.com/emea/en}
}

@Misc{shakey-the-robot,
  author  = {SRI International},
  title   = {Shakey the Robot},
  note    = {https://www.sri.com/hoi/shakey-the-robot/}
}

@book{AIMA,
  title    ={\\Artificial Intelligence: A modern approach (3rd Edition)},
  author   ={Stuart Russell and Peter Norvig},
  year     ={2010},
  publisher={Pearson Education}
}

@Misc{dnn,
  title   = {\\Redes Neuronales Profundas: Tipos y Características},
  note    = {https://www.codigofuente.org/redes-neuronales-profundas-tipos-caracteristicas/}
}

@ELECTRONIC{robotics-academy,
  title   = {\\Robotics Academy},
  author  = {{Universidad Rey Juan Carlos} and {RoboticsLabUrjc} and {GSOC}},
  note    = {\\http://jderobot.github.io/RoboticsAcademy/}
}

@Misc{ros_master,
  author  = {Jhon Robert},
  title   = {Hands-On Introduction to Robot Operating System(ROS)},
  month   = july,
  year    = 2020,
  note    = {\\https://trojrobert.github.io/hands-on-introdution-to-robot-operating-system(ros)/}
}

@Misc{c++_doc,
  title   = {Cplusplus Documentation},
  note    = {https://www.cplusplus.com/}
}

@Misc{python_doc,
  title   = {Python Documentation},
  note    = {https://docs.python.org/3/}
}

@Misc{ROS,
  title   = {ROS},
  note    = {http://wiki.ros.org/es}
}

@Misc{Gazebo,
  title   = {Gazebo},
  note    = {https://classic.gazebosim.org/}
}

@Misc{documentacion_docker,
  title   = {Guía Docker},
  note    = {https://docs.docker.com/get-started/overview/}
}

@Misc{kobuki,
  title   = {Kobuki},
  author  = {ROS Components, Yujin Robot},
  note    = {https://www.roscomponents.com/es/robots-moviles/97-kobuki.html}
}

@Misc{turtlebot2,
  title   = {Turtlebot2},
  author  = {ROS Components},
  note    = {https://www.roscomponents.com/es/robots-moviles/9-turtlebot-2.html}
}

@Misc{rplidar_a1,
  title   = {RPLIDAR A1},
  note    = {https://www.slamtec.com/en/Lidar/A1}
}

@Misc{R200,
  title   = {Soporte del Intel Realsense para Ubuntu},
  author  = {José Núñez},
  note    = {https://costaricamakers.com/soporte-del-intel-realsense-para-ubuntu/}
}

@Misc{centroide_ecuacion,
  title   = {Calcula el centroide de la imagen en OpenCV},
  note    = {https://programmerclick.com/article/29231312914/}
}